<?xml version="1.0" encoding="UTF-8"?>
<record>
  <leader>01101nkm#a2200277#c#4500</leader>
  <controlfield tag="005">20210408233342.0</controlfield>
  <controlfield tag="007">ki#|||</controlfield>
  <controlfield tag="008">080718|1980####xx#|||############i|####c</controlfield>
  <controlfield tag="003">DE-605</controlfield>
  <controlfield tag="001">990167595410206441</controlfield>
  <datafield tag="016" ind1="7" ind2=" ">
    <subfield code="a">1075948907</subfield>
    <subfield code="2">OCoLC</subfield>
  </datafield>
  <datafield tag="035" ind1=" " ind2=" ">
    <subfield code="a">(DE-605)TT002494857</subfield>
  </datafield>
  <datafield tag="040" ind1=" " ind2=" ">
    <subfield code="a">Kn 3</subfield>
    <subfield code="b">ger</subfield>
    <subfield code="c">Kn 3</subfield>
    <subfield code="e">rakwb</subfield>
  </datafield>
  <datafield tag="090" ind1=" " ind2=" ">
    <subfield code="b">k</subfield>
  </datafield>
  <datafield tag="245" ind1="0" ind2="0">
    <subfield code="a">MALEREI, RADIERUNGEN, HOLZSCHNITTE</subfield>
  </datafield>
  <datafield tag="249" ind1=" " ind2=" ">
    <subfield code="b">MIT WERKVERZ. DER RADIERUNGEN, DER HOLZSCHNITTE UND 3 ORIG.-LITHOGRAFIEN. HRSG.: KULTURVERWALTUNG DER STADT BERGKAMEN, KOMMUNALE GALERIE 'SOHLE EINS' BERGKAMEN * COBAN, ISMAIL (KÜNSTLER/IN)</subfield>
  </datafield>
  <datafield tag="264" ind1=" " ind2="1">
    <subfield code="a">DÜSSELDORF</subfield>
    <subfield code="b">INTERNA-ORB</subfield>
    <subfield code="c">1980</subfield>
  </datafield>
  <datafield tag="300" ind1=" " ind2=" ">
    <subfield code="a">53 BL. MIT ZAHLR. ABB. U. TAF., TEILS FARB.</subfield>
  </datafield>
  <datafield tag="500" ind1=" " ind2=" ">
    <subfield code="a">NE: SOHLE 1 &lt;GALERIE, BERGKAMEN&gt;. - AUSSTELLUNGSKAT.</subfield>
    <subfield code="9">F:501</subfield>
  </datafield>
  <datafield tag="700" ind1="1" ind2=" ">
    <subfield code="a">Çoban, Ismail</subfield>
    <subfield code="d">1945-</subfield>
    <subfield code="0">(DE-588)118521314</subfield>
    <subfield code="4">ill</subfield>
    <subfield code="0">https://portal.dnb.de/opac.htm?method=simpleSearch&amp;cqlMode=true&amp;query=idn=118521314</subfield>
    <subfield code="0">http://viaf.org/viaf/sourceID/DNB|118521314</subfield>
    <subfield code="B">GND-118521314</subfield>
  </datafield>
  <datafield tag="710" ind1="2" ind2=" ">
    <subfield code="a">Bergkamen</subfield>
    <subfield code="b">Kulturverwaltung</subfield>
    <subfield code="0">(DE-588)5150278-1</subfield>
    <subfield code="4">oth</subfield>
    <subfield code="0">https://portal.dnb.de/opac.htm?method=simpleSearch&amp;cqlMode=true&amp;query=idn=945497865</subfield>
    <subfield code="0">http://viaf.org/viaf/sourceID/DNB|945497865</subfield>
    <subfield code="B">GND-945497865</subfield>
  </datafield>
  <datafield tag="710" ind1="2" ind2=" ">
    <subfield code="a">Städtische Galerie Sohle 1</subfield>
    <subfield code="g">Bergkamen</subfield>
    <subfield code="0">(DE-588)2052102-9</subfield>
    <subfield code="4">oth</subfield>
    <subfield code="0">https://portal.dnb.de/opac.htm?method=simpleSearch&amp;cqlMode=true&amp;query=idn=007050542</subfield>
    <subfield code="0">http://viaf.org/viaf/sourceID/DNB|007050542</subfield>
    <subfield code="B">GND-007050542</subfield>
  </datafield>
  <datafield tag="964" ind1="0" ind2="s">
    <subfield code="F">030</subfield>
    <subfield code="A">a|1uc||||||37</subfield>
  </datafield>
  <datafield tag="964" ind1="0" ind2="s">
    <subfield code="F">050</subfield>
    <subfield code="A">|||||db|||||||</subfield>
  </datafield>
  <datafield tag="964" ind1="0" ind2="s">
    <subfield code="F">051</subfield>
    <subfield code="A">m|||||||</subfield>
  </datafield>
  <datafield tag="035" ind1=" " ind2=" ">
    <subfield code="a">(OCoLC)1075948907</subfield>
  </datafield>
  <datafield tag="MBD" ind1=" " ind2=" ">
    <subfield code="M">49HBZ_NETWORK</subfield>
    <subfield code="i">990167595410206441</subfield>
    <subfield code="n">HBZ Network</subfield>
  </datafield>
  <datafield tag="MBD" ind1=" " ind2=" ">
    <subfield code="M">49HBZ_UBK</subfield>
    <subfield code="i">991051691909706476</subfield>
    <subfield code="n">Universität Köln</subfield>
  </datafield>
  <datafield tag="MBD" ind1=" " ind2=" ">
    <subfield code="M">49HBZ_ULM</subfield>
    <subfield code="i">991013417649706449</subfield>
    <subfield code="n">Universität Münster</subfield>
  </datafield>
  <datafield tag="MNG" ind1=" " ind2=" ">
    <subfield code="c">System</subfield>
    <subfield code="f">ILS</subfield>
    <subfield code="i">marc21</subfield>
    <subfield code="k">01</subfield>
    <subfield code="e">false</subfield>
    <subfield code="d">2021-09-14 04:29:42 Europe/Berlin</subfield>
    <subfield code="g">016759541-HBZ01</subfield>
    <subfield code="j">60</subfield>
    <subfield code="a">import</subfield>
    <subfield code="b">2021-04-05 16:47:00 Europe/Berlin</subfield>
  </datafield>
  <datafield tag="H52" ind1=" " ind2=" ">
    <subfield code="b">KN3</subfield>
    <subfield code="c">KN3-KMB</subfield>
    <subfield code="8">22283323620006476</subfield>
  </datafield>
  <datafield tag="HOL" ind1=" " ind2=" ">
    <subfield code="b">2023-08-22 14:43:46</subfield>
    <subfield code="8">22283323620006476</subfield>
    <subfield code="M">49HBZ_UBK</subfield>
    <subfield code="g">false</subfield>
    <subfield code="a">import</subfield>
  </datafield>
  <datafield tag="ITM" ind1=" " ind2=" ">
    <subfield code="H">22283323620006476</subfield>
    <subfield code="x">KN3-KMB</subfield>
    <subfield code="f">BOOK</subfield>
    <subfield code="v">KN3-KMB</subfield>
    <subfield code="p">X</subfield>
    <subfield code="X">AMO_HBZ_FIX</subfield>
    <subfield code="U">2023-08-21 12:59:00 Europe/Berlin</subfield>
    <subfield code="Y">2023-08-24 04:52:25 Europe/Berlin</subfield>
    <subfield code="h">false</subfield>
    <subfield code="n">KMB/K COBAN, 7  1980</subfield>
    <subfield code="G">1</subfield>
    <subfield code="M">49HBZ_UBK</subfield>
    <subfield code="s">1</subfield>
    <subfield code="d">#</subfield>
    <subfield code="V">import</subfield>
    <subfield code="L">Materialart: BOOK;Exemplar: 1. Ex.;Abrufzeichen: BK</subfield>
    <subfield code="b">KMB/1980.7637</subfield>
    <subfield code="O">HBZ01: TT002494857 | Aufnahmedatum: 2017-01-31 | Klassifikation: 0</subfield>
    <subfield code="a">23283323610006476</subfield>
    <subfield code="B">1980-7637</subfield>
    <subfield code="W">2023-08-22 16:43:46 Europe/Berlin</subfield>
    <subfield code="u">KN3</subfield>
    <subfield code="w">KN3</subfield>
  </datafield>
  <datafield tag="H52" ind1="8" ind2=" ">
    <subfield code="b">PHIL</subfield>
    <subfield code="c">PHIL_KBIB</subfield>
    <subfield code="h">N C 228</subfield>
    <subfield code="8">22616315460006449</subfield>
  </datafield>
  <datafield tag="HOL" ind1=" " ind2=" ">
    <subfield code="b">2022-07-11 13:48:25</subfield>
    <subfield code="8">22616315460006449</subfield>
    <subfield code="M">49HBZ_ULM</subfield>
    <subfield code="g">false</subfield>
    <subfield code="a">import</subfield>
  </datafield>
  <datafield tag="ITM" ind1=" " ind2=" ">
    <subfield code="H">22616315460006449</subfield>
    <subfield code="x">PHIL_KBIB</subfield>
    <subfield code="f">BOOK</subfield>
    <subfield code="v">PHIL_KBIB</subfield>
    <subfield code="X">AMO_TL2_FIX</subfield>
    <subfield code="U">2022-07-10 12:59:00 Europe/Berlin</subfield>
    <subfield code="Y">2022-07-12 13:10:54 Europe/Berlin</subfield>
    <subfield code="h">false</subfield>
    <subfield code="Q">SISIS-Ausleihzähler Migrationsjahr: 0 | SISIS-Ausleihzähler Vor-Migrationsjahr: 0 | SISIS-Ausleihzähler vorletztes Migrationsjahr: 0</subfield>
    <subfield code="M">49HBZ_ULM</subfield>
    <subfield code="s">1</subfield>
    <subfield code="d">8</subfield>
    <subfield code="V">import</subfield>
    <subfield code="b">Z143-028930</subfield>
    <subfield code="O">Fernleihkonditionen: 3</subfield>
    <subfield code="a">23616315430006449</subfield>
    <subfield code="R">DBS-Systematik: 0</subfield>
    <subfield code="c">N C 228</subfield>
    <subfield code="W">2022-07-11 15:48:25 Europe/Berlin</subfield>
    <subfield code="u">PHIL</subfield>
    <subfield code="w">PHIL</subfield>
  </datafield>
  <datafield tag="GKT" ind1="2" ind2=" ">
    <subfield code="a">Bildergalerie Bergkamen</subfield>
    <subfield code="A">GND</subfield>
    <subfield code="B">GND-007050542</subfield>
    <subfield code="C">410</subfield>
  </datafield>
  <datafield tag="GKT" ind1="2" ind2=" ">
    <subfield code="a">Galerie Sohle 1</subfield>
    <subfield code="g">Bergkamen</subfield>
    <subfield code="A">GND</subfield>
    <subfield code="B">GND-007050542</subfield>
    <subfield code="C">410</subfield>
  </datafield>
  <datafield tag="GKT" ind1="2" ind2=" ">
    <subfield code="a">Sohle Eins, Multimedia-Galerie</subfield>
    <subfield code="g">Bergkamen</subfield>
    <subfield code="A">GND</subfield>
    <subfield code="B">GND-007050542</subfield>
    <subfield code="C">410</subfield>
  </datafield>
  <datafield tag="GKT" ind1="2" ind2=" ">
    <subfield code="a">Multimedia-Galerie</subfield>
    <subfield code="g">Bergkamen</subfield>
    <subfield code="A">GND</subfield>
    <subfield code="B">GND-007050542</subfield>
    <subfield code="C">410</subfield>
  </datafield>
  <datafield tag="GKT" ind1="2" ind2=" ">
    <subfield code="a">Sohle 1, Kommunale Galerie</subfield>
    <subfield code="g">Bergkamen</subfield>
    <subfield code="A">GND</subfield>
    <subfield code="B">GND-007050542</subfield>
    <subfield code="C">410</subfield>
  </datafield>
  <datafield tag="GKT" ind1="2" ind2=" ">
    <subfield code="a">Sohle Eins, Kommunale Galerie</subfield>
    <subfield code="g">Bergkamen</subfield>
    <subfield code="A">GND</subfield>
    <subfield code="B">GND-007050542</subfield>
    <subfield code="C">410</subfield>
  </datafield>
  <datafield tag="GKT" ind1="2" ind2=" ">
    <subfield code="a">Stadtmuseum Bergkamen</subfield>
    <subfield code="b">Städtische Galerie Sohle 1</subfield>
    <subfield code="A">GND</subfield>
    <subfield code="B">GND-007050542</subfield>
    <subfield code="C">410</subfield>
  </datafield>
  <datafield tag="GKT" ind1="2" ind2=" ">
    <subfield code="a">Stadtmuseum Bergkamen</subfield>
    <subfield code="b">Galerie Sohle 1</subfield>
    <subfield code="A">GND</subfield>
    <subfield code="B">GND-007050542</subfield>
    <subfield code="C">410</subfield>
  </datafield>
  <datafield tag="GKT" ind1="2" ind2=" ">
    <subfield code="a">Stadtmuseum Bergkamen</subfield>
    <subfield code="b">Bildergalerie</subfield>
    <subfield code="A">GND</subfield>
    <subfield code="B">GND-007050542</subfield>
    <subfield code="C">410</subfield>
  </datafield>
  <datafield tag="GKT" ind1="2" ind2=" ">
    <subfield code="a">Stadtmuseum Bergkamen</subfield>
    <subfield code="b">Sohle 1, Multimedia-Galerie</subfield>
    <subfield code="A">GND</subfield>
    <subfield code="B">GND-007050542</subfield>
    <subfield code="C">410</subfield>
  </datafield>
  <datafield tag="GKT" ind1="2" ind2=" ">
    <subfield code="a">Stadtmuseum Bergkamen</subfield>
    <subfield code="b">Multimedia-Galerie</subfield>
    <subfield code="A">GND</subfield>
    <subfield code="B">GND-007050542</subfield>
    <subfield code="C">410</subfield>
  </datafield>
  <datafield tag="GKT" ind1="2" ind2=" ">
    <subfield code="a">Stadtmuseum Bergkamen</subfield>
    <subfield code="b">Sohle 1, Kommunale Galerie</subfield>
    <subfield code="A">GND</subfield>
    <subfield code="B">GND-007050542</subfield>
    <subfield code="C">410</subfield>
  </datafield>
  <datafield tag="GKT" ind1="2" ind2=" ">
    <subfield code="a">Stadtmuseum Bergkamen</subfield>
    <subfield code="b">Kommunale Galerie</subfield>
    <subfield code="A">GND</subfield>
    <subfield code="B">GND-007050542</subfield>
    <subfield code="C">410</subfield>
  </datafield>
  <datafield tag="GKT" ind1="2" ind2=" ">
    <subfield code="a">Bildergalerie der Stadt Bergkamen</subfield>
    <subfield code="A">GND</subfield>
    <subfield code="B">GND-007050542</subfield>
    <subfield code="C">410</subfield>
  </datafield>
  <datafield tag="GKT" ind1="2" ind2=" ">
    <subfield code="a">Sohle Eins, Multimedia-Galerie</subfield>
    <subfield code="A">GND</subfield>
    <subfield code="B">GND-007050542</subfield>
    <subfield code="C">410</subfield>
  </datafield>
  <datafield tag="GKT" ind1="2" ind2=" ">
    <subfield code="a">Sohle 1, Kommunale Galerie</subfield>
    <subfield code="A">GND</subfield>
    <subfield code="B">GND-007050542</subfield>
    <subfield code="C">410</subfield>
  </datafield>
  <datafield tag="GKT" ind1="2" ind2=" ">
    <subfield code="a">Sohle Eins, Kommunale Galerie</subfield>
    <subfield code="A">GND</subfield>
    <subfield code="B">GND-007050542</subfield>
    <subfield code="C">410</subfield>
  </datafield>
  <datafield tag="GKT" ind1="2" ind2=" ">
    <subfield code="a">Kommunale Galerie Sohle 1</subfield>
    <subfield code="9">v:Internet</subfield>
    <subfield code="A">GND</subfield>
    <subfield code="B">GND-007050542</subfield>
    <subfield code="C">410</subfield>
  </datafield>
  <datafield tag="GKT" ind1="2" ind2=" ">
    <subfield code="a">Städtische Galerie Sohle 1</subfield>
    <subfield code="4">nswd</subfield>
    <subfield code="4">https://d-nb.info/standards/elementset/gnd#variantName</subfield>
    <subfield code="w">r</subfield>
    <subfield code="i">Ehemalige Vorzugsbenennung SWD</subfield>
    <subfield code="e">Ehemalige Vorzugsbenennung SWD</subfield>
    <subfield code="A">GND</subfield>
    <subfield code="B">GND-007050542</subfield>
    <subfield code="C">410</subfield>
  </datafield>
  <datafield tag="GKT" ind1="2" ind2=" ">
    <subfield code="a">Kommunale Galerie</subfield>
    <subfield code="g">Bergkamen</subfield>
    <subfield code="A">GND</subfield>
    <subfield code="B">GND-007050542</subfield>
    <subfield code="C">410</subfield>
  </datafield>
  <datafield tag="GSI" ind1="7" ind2=" ">
    <subfield code="a">2052102-9</subfield>
    <subfield code="0">http://d-nb.info/gnd/2052102-9</subfield>
    <subfield code="2">gnd</subfield>
    <subfield code="A">GND</subfield>
    <subfield code="B">GND-007050542</subfield>
    <subfield code="C">024</subfield>
  </datafield>
  <datafield tag="GKT" ind1="2" ind2=" ">
    <subfield code="a">Kulturverwaltung</subfield>
    <subfield code="g">Bergkamen</subfield>
    <subfield code="A">GND</subfield>
    <subfield code="B">GND-945497865</subfield>
    <subfield code="C">410</subfield>
  </datafield>
  <datafield tag="GSI" ind1="7" ind2=" ">
    <subfield code="a">http://d-nb.info/gnd/5150278-1</subfield>
    <subfield code="2">uri</subfield>
    <subfield code="A">GND</subfield>
    <subfield code="B">GND-945497865</subfield>
    <subfield code="C">024</subfield>
  </datafield>
  <datafield tag="GSI" ind1="7" ind2=" ">
    <subfield code="a">http://d-nb.info/gnd/118521314</subfield>
    <subfield code="2">uri</subfield>
    <subfield code="A">GND</subfield>
    <subfield code="B">GND-118521314</subfield>
    <subfield code="C">024</subfield>
  </datafield>
</record>
